<record><leader>00000cas a22000007a 4500</leader><controlfield tag="001">15032964</controlfield><controlfield tag="008">870105d19461960wiuwr ne      0    0eng d</controlfield><datafield ind1=" " ind2=" " tag="010"><subfield code="a">sn 87082012 </subfield></datafield><datafield ind1=" " ind2=" " tag="040"><subfield code="a">NPV</subfield><subfield code="b">eng</subfield><subfield code="c">NPV</subfield><subfield code="d">OCLCQ</subfield></datafield><datafield ind1=" " ind2=" " tag="042"><subfield code="a">msc</subfield></datafield><datafield ind1=" " ind2="4" tag="050"><subfield code="a">BX2400</subfield><subfield code="b">.M6</subfield></datafield><datafield ind1="0" ind2="4" tag="245"><subfield code="a">The Montello tribune.</subfield></datafield><datafield ind1=" " ind2=" " tag="260"><subfield code="a">Kingston, Wis. :</subfield><subfield code="b">[s.n.],</subfield><subfield code="c">1946-1960.</subfield></datafield><datafield ind1=" " ind2=" " tag="300"><subfield code="a">v.</subfield></datafield><datafield ind1=" " ind2=" " tag="310"><subfield code="a">Weekly</subfield></datafield><datafield ind1="0" ind2=" " tag="362"><subfield code="a">Vol. 64, no. 47 (Sept. 5, 1946)-v. 105, no. 17 (Apr. 28, 1960).</subfield></datafield><datafield ind1=" " ind2=" " tag="500"><subfield code="a">Published at Montello, Wis. after Sept. 12, 1946.</subfield></datafield><datafield ind1=" " ind2=" " tag="500"><subfield code="a">Publisher varies.</subfield></datafield><datafield ind1=" " ind2=" " tag="752"><subfield code="a">United States</subfield><subfield code="b">Wisconsin</subfield><subfield code="c">Green Lake</subfield><subfield code="d">Kingston.</subfield></datafield><datafield ind1=" " ind2=" " tag="752"><subfield code="a">United States</subfield><subfield code="b">Wisconsin</subfield><subfield code="c">Marquette</subfield><subfield code="d">Montello.</subfield></datafield><datafield ind1="0" ind2="4" tag="780"><subfield code="t">Kingston tribune</subfield><subfield code="w">(DLC)sn 87082011</subfield></datafield><datafield ind1="0" ind2="4" tag="780"><subfield code="t">Montello express</subfield><subfield code="w">(DLC)sn 87082004</subfield></datafield><datafield ind1="0" ind2="0" tag="785"><subfield code="t">Marquette County tribune</subfield><subfield code="w">(DLC)sn 87082013</subfield></datafield></record>